@article{starcraft_unplugged,
  title={StarCraft II Unplugged: Large Scale Offline Reinforcement Learning},
  author={Mathieu, Eric and et al.},
  journal={arXiv preprint arXiv:2011.08377},
  year={2020}
}

@misc{liu2021mAS,
  author = {Ruo{-}Ze Liu and Wenhai Wang and Yang Yu and Tong Lu},
  title = {mini-AlphaStar},
  year = {2021},
  publisher = {GitHub},
  journal = {GitHub repository},
  howpublished = {\url{https://github.com/liuruoze/mini-AlphaStar}},
}

@article{liu2021mASreport,
  author    = {Ruo{-}Ze Liu and
               Wenhai Wang and
               Yanjie Shen and
               Zhiqi Li and
               Yang Yu and
               Tong Lu},
  title     = {An Introduction of mini-AlphaStar},
  journal   = {CoRR},
  volume    = {abs/2104.06890},
  year      = {2021},
}

@article{vinyals2017starcraft,
  title={StarCraft II: A New Challenge for Reinforcement Learning},
  author={Vinyals, Oriol and Ewalds, Tim and Bartlett, Alexander and Nicholson, Petko Georgiev and Pfau, Sebastian and Badia, Adria Puigdomenech and Piot, Bilal and Heess, Nicolas and Silver, David},
  journal={arXiv preprint arXiv:1708.04782},
  year={2017}
}

@article{Liu2022OnER,
  title={On Efficient Reinforcement Learning for Full-length Game of StarCraft II},
  author={Ruo-Ze Liu and Zhen-Jia Pang and Zhou-Yu Meng and Wenhai Wang and Yang Yu and Tong Lu},
  journal={arXiv preprint arXiv:2209.11553},
  year={2022}
}

@online{Cardona2020,
  author = {Cardona, Juan Arturo Cruz},
  title = {Build a Reinforcement Learning Terran Agent with Pysc2 2.0 Framework},
  publisher = {Medium},
  date = {2020-11-26},
  url = {https://a01701804.medium.com/build-a-reinforcement-learning-terran-agent-with-pysc2-2-0-framework-c6be}
}

@online{Cardona2020,
  author = {Cardona, Juan Arturo Cruz},
  title = {Build a Reinforcement Learning Terran Agent with Pysc2 2.0 Framework},
  publisher = {Medium},
  date = {2020-11-26},
  url = {https://a01701804.medium.com/build-a-reinforcement-learning-terran-agent-with-pysc2-2-0-framework-c6be51b13d48}
}

@online{zhou_sc2bot_2024,
  author = {Zhou, Alan},
  title = {{SC2Bot} -- {Alan Zhou}},
  url = {alan-zhou.com/project/sc2bot},
  urldate = {2024-08-23},
}

@thesis{lievrouw_applying_2020,
  author = {Lievrouw, Robin},
  title = {Applying Dynamic Game Difficulty Adjustment Using Deep Reinforcement Learning},
  institution = {Ghent University},
  year = {2020},
  url = {libstore.ugent.be/fulltxt/RUG01/002/945/739/RUG01-002945739_2021_0001_AC.pdf},
}

@article{reis_automatic_2023,
  title={Automatic difficulty balance in two-player games with Deep Reinforcement Learning},
  author={Reis, Sim√£o and others},
  publisher = {2023 IEEE Conference on Games (CoG)},
  doi = {10.1109/cog57401.2023.10333240},
  date = {2023-08-21},
}